@book{notes,
  author = {Morten Hjorth-Jensen},
  year = {2015},
  title = {Computational Physics, Lecture Notes Fall 2015},
  publisher = {Department of Physics, University of Oslo}
}

@book{stats,
  author = {Anders Malthe-Sorenssen},
  year = {2016},
  title = {Elementary Thermal and Statistical Physics Using Python},
  publisher = {Department of Physics, University of Oslo}
}

@book{kvante,
  author = {T. Engeland, M. Hjorth-Jensen, S. Viefers, A. Raklev and E. G. Flekk√∏y},
  year = {2023},
  title = {Kompendium i FYS2140 Kvantefysikk},
  publisher = {Department of Physics, University of Oslo}
}

@book{griffiths,
  author = {David J. Griffiths and Darrell F. Schroeter},
  year = {2018},
  title = {Introduction to Quantum Mecanics, Third Edition},
  publisher = {Cambridge University Press}
}

@book{thermal,
  author = {Daniel V. Schroeder},
  year = {2000},
  title = {An Introduction to Thermal Physics},
  publisher = {Addison Wesley Longman, Weber State University}
}

@book{oscillations,
  author = {Arnt Inge Vistnes},
  year = {2018},
  title = {Physics of Oscillations and Waves With user of Matlab and Python},
  publisher = {Department of Physics, University of Oslo}
}